<record><leader>00000cas a2200000 a 4500</leader><controlfield tag="001">9867255</controlfield><controlfield tag="008">830831c19839999aludr ne      0   a0eng d</controlfield><datafield ind1=" " ind2=" " tag="010"><subfield code="a">sn 84008052 </subfield></datafield><datafield ind1=" " ind2=" " tag="040"><subfield code="a">AAA</subfield><subfield code="b">eng</subfield><subfield code="c">AAA</subfield><subfield code="d">NSD</subfield><subfield code="d">OCL</subfield><subfield code="d">OCLCQ</subfield></datafield><datafield ind1=" " ind2=" " tag="012"><subfield code="m">X</subfield></datafield><datafield ind1="1" ind2=" " tag="022"><subfield code="a">0743-1511</subfield><subfield code="l">0743-1511</subfield><subfield code="2">1</subfield></datafield><datafield ind1=" " ind2=" " tag="032"><subfield code="a">617760</subfield><subfield code="b">USPS</subfield></datafield><datafield ind1=" " ind2=" " tag="037"><subfield code="b">T.S.P. Newspapers, Inc., 219 W. Tennessee St., Florence, AL 35630</subfield></datafield><datafield ind1=" " ind2=" " tag="042"><subfield code="a">nsdp</subfield></datafield><datafield ind1="0" ind2=" " tag="130"><subfield code="a">TimesDaily (Shoals edition)</subfield></datafield><datafield ind1=" " ind2="0" tag="222"><subfield code="a">TimesDaily</subfield><subfield code="b">(Shoals ed.)</subfield></datafield><datafield ind1="1" ind2="0" tag="245"><subfield code="a">TimesDaily.</subfield></datafield><datafield ind1="1" ind2="7" tag="246"><subfield code="a">Times daily</subfield></datafield><datafield ind1=" " ind2=" " tag="250"><subfield code="a">Shoals ed.</subfield></datafield><datafield ind1=" " ind2=" " tag="260"><subfield code="a">Florence, Ala. :</subfield><subfield code="b">T.S.P. Newspapers</subfield></datafield><datafield ind1=" " ind2=" " tag="300"><subfield code="a">v. :</subfield><subfield code="b">ill.</subfield></datafield><datafield ind1=" " ind2=" " tag="310"><subfield code="a">Daily</subfield></datafield><datafield ind1="1" ind2=" " tag="362"><subfield code="a">Began with: Vol. 114, no. 226 (Aug. 14, 1983).</subfield></datafield><datafield ind1=" " ind2=" " tag="500"><subfield code="a">"Florence/Sheffield/Tuscumbia/Muscle Shoals."</subfield></datafield><datafield ind1=" " ind2=" " tag="500"><subfield code="a">Shoals ed. and Regional ed. combined on Sundays.</subfield></datafield><datafield ind1=" " ind2=" " tag="588"><subfield code="a">Description based on: Vol. 114, no. 346 (Monday, Dec. 12, 1983).</subfield></datafield><datafield ind1=" " ind2=" " tag="752"><subfield code="a">United States</subfield><subfield code="b">Alabama</subfield><subfield code="c">Lauderdale</subfield><subfield code="d">Florence.</subfield></datafield><datafield ind1="0" ind2=" " tag="775"><subfield code="t">TimesDaily (Regional edition)</subfield><subfield code="x">0743-152X</subfield></datafield><datafield ind1="0" ind2="0" tag="780"><subfield code="t">Times Tri-cities daily</subfield></datafield><datafield ind1=" " ind2=" " tag="936"><subfield code="a">Unknown</subfield><subfield code="a">Dec. 12, 1983</subfield></datafield></record>